<record><leader>00000cas a22000007a 4500</leader><controlfield tag="001">43723978</controlfield><controlfield tag="008">000328d19371937vauuu ne      0    0eng d</controlfield><datafield ind1=" " ind2=" " tag="010"><subfield code="a">sn 00064660 </subfield></datafield><datafield ind1=" " ind2=" " tag="040"><subfield code="a">NVK</subfield><subfield code="b">eng</subfield><subfield code="c">NVK</subfield><subfield code="d">OCLCO</subfield><subfield code="d">NVK</subfield></datafield><datafield ind1=" " ind2=" " tag="042"><subfield code="a">msc</subfield></datafield><datafield ind1=" " ind2=" " tag="043"><subfield code="a">n-us-va</subfield></datafield><datafield ind1="0" ind2=" " tag="130"><subfield code="a">Castle rock (Pembroke, Va.)</subfield></datafield><datafield ind1="0" ind2="4" tag="245"><subfield code="a">The Castle rock.</subfield></datafield><datafield ind1=" " ind2=" " tag="260"><subfield code="a">Pembroke, Va. :</subfield><subfield code="b">C.C.C. Co. 5447,</subfield><subfield code="c">1937.</subfield></datafield><datafield ind1=" " ind2=" " tag="300"><subfield code="a">v.</subfield></datafield><datafield ind1="1" ind2=" " tag="362"><subfield code="a">Vol. 3, no. 1 (Feb. 12, 1937)-     ; v. 1, no. 1 (Aug. 31, 1937)-v. 1, no. 3 (Sept. 30, 1937).</subfield></datafield><datafield ind1=" " ind2=" " tag="500"><subfield code="a">Camp F-22-Va.</subfield></datafield><datafield ind1=" " ind2=" " tag="500"><subfield code="a">Company 5447 moved from Cambridge, Md. to Pembroke, Va. by 1937; and from Pembroke, Va. to Capitola, Calif. in 1937.</subfield></datafield><datafield ind1=" " ind2=" " tag="515"><subfield code="a">Designation restarted as v. 1, no. 1, on Aug. 31, 1937.</subfield></datafield><datafield ind1=" " ind2=" " tag="530"><subfield code="a">Available on microfiche from the Center for Research Libraries.</subfield></datafield><datafield ind1=" " ind2=" " tag="530"><subfield code="a">Available on Virginia Chronicle.</subfield></datafield><datafield ind1=" " ind2=" " tag="580"><subfield code="a">C.C.C. Co. 5447 previously published: Blackwater courier (Cambridge, Md.).</subfield></datafield><datafield ind1=" " ind2=" " tag="580"><subfield code="a">C.C.C. Co. 5447 later published: The Seacliff pilot.</subfield></datafield><datafield ind1="2" ind2="0" tag="610"><subfield code="a">Civilian Conservation Corps (U.S.)</subfield><subfield code="v">Newspapers.</subfield></datafield><datafield ind1=" " ind2="0" tag="651"><subfield code="a">Pembroke (Va.)</subfield><subfield code="v">Newspapers.</subfield></datafield><datafield ind1="2" ind2=" " tag="710"><subfield code="a">Civilian Conservation Corps (U.S.).</subfield><subfield code="b">Company 5447 (Pembroke, Va.)</subfield></datafield><datafield ind1=" " ind2=" " tag="752"><subfield code="a">United States</subfield><subfield code="b">Virginia</subfield><subfield code="c">Giles</subfield><subfield code="d">Pembroke.</subfield></datafield><datafield ind1="1" ind2="0" tag="780"><subfield code="t">Blackwater courier (Cambridge, Md.)</subfield><subfield code="w">(DLC)sn 00064655</subfield></datafield><datafield ind1="1" ind2=" " tag="787"><subfield code="t">Seacliff pilot</subfield><subfield code="w">(DLC)sn 00064665</subfield></datafield><datafield ind1="4" ind2=" " tag="856"><subfield code="u">https://virginiachronicle.com</subfield></datafield><datafield ind1="1" ind2=" " tag="029"><subfield code="a">AU@</subfield><subfield code="b">000021431298</subfield></datafield></record>